%% This BibTeX bibliography file was created using BibDesk.
%% http://bibdesk.sourceforge.net/

%% Created for Gustavo Toshi Komura at 2014-10-17 18:00:00

%% Saved with string encoding Unicode (UTF-8)

@book{history_of_programming_languages,
    Address = {New York, NY: Academic Press},
    Author = {Richard Wexelblat},
    Edition = {1},
    Organization = {ACM Monograph Series},
    Publisher = {ACM Monograph Series},
    Title = {History of Programming Languages},
    Year = {1981}
}

@book{beginning_google_maps_api3,
    Address = {New York, NY 10013},
    Author = {Gabriel Svennerberg},
    Edition = {2},
    Organization = {Apress},
    Publisher = {Apress},
    Title = {Beginning Google Maps API 3},
    Year = {2010}
}

@book{google_maps_power_tools_for_maximizing_the_api,
    Address = {New York. NY, 2 Penn Plaza, 10th Floor},
    Author = {Evangelos Petroutsos},
    Edition = {1},
    Organization = {McGraw-Hill Osborne Media},
    Publisher = {McGraw-Hill Osborne Media},
    Title = {Google Maps: Powwer Tools for Maximizing the API},
    Year = {2014}
}

@misc{coffeescript_site,
    Author = {Jeremy Ashkenas},
    Title = {CoffeeScript},
    Url = {http://www.coffeescript.org/},
    Urlaccessdate = {08 dez. 2014},
    Year = {2014},
    Bdsk-Url-1 = {http://www.coffeescript.org/}
}

@misc{ruby_site,
    Author = {Ruby Community},
    Howpublished = {Ruby Community},
    Title = {Ruby},
    Url = {http://www.ruby-lang.org/},
    Urlaccessdate = {10 out. 2014},
    Year = {2014},
    Bdsk-Url-1 = {https://www.ruby-lang.org/}
}

@misc{matz_often_sya_of_ruby,
    Author = {Yukihiro ''Matz'' Matsumoto},
    Howpublished = {Ruby Site - About Ruby},
    Title = {About Ruby},
    Url = {http://www.ruby-lang.org/en/about/},
    Urlaccessdate = {17 out. 2014},
    Year = {2014},
    Bdsk-Url-1 = {http://www.ruby-lang.org/en/about/}
}

@misc{matz_ruby_talk_main_list,
    Author = {Yukihiro ''Matz'' Matsumoto},
    Howpublished = {Ruby Talk Main List},
    Title = {Re: More code browsing questions},
    Url = {http://blade.nagaokaut.ac.jp/cgi-bin/scat.rb/ruby/ruby-talk/2773},
    Urlaccessdate = {17 out. 2014},
    Year = {2000},
    Bdsk-Url-1 = {http://blade.nagaokaut.ac.jp/cgi-bin/scat.rb/ruby/ruby-talk/2773}
}

@misc{libraries_ruby,
    Author = {Ruby Community},
    Howpublished = {Ruby Site - Libraries},
    Title = {Ruby Libraries},
    Url = {http://www.ruby-lang.org/en/libraries/},
    Urlaccessdate = {17 out. 2014},
    Year = {2014},
    Bdsk-Url-1 = {http://www.ruby-lang.org/en/libraries/}
}

@misc{security_ruby,
    Author = {Ruby Community},
    Howpublished = {Ruby Site - Security},
    Title = {Ruby Security},
    Url = {http://www.ruby-lang.org/en/security/},
    Urlaccessdate = {22 out. 2014},
    Year = {2014},
    Bdsk-Url-1 = {http://www.ruby-lang.org/en/security/}
}

@misc{openssl_problem_security_ruby,
    Author = {Ruby Community},
    Howpublished = {Ruby Site - News},
    Title = {OpenSSL Severe Vulnerability in TLS Heartbeat Extension (CVE-2014-0160)},
    Url = {http://www.ruby-lang.org/en/news/2014/04/10/severe-openssl-vulnerability/},
    Urlaccessdate = {22 out. 2014},
    Year = {2014},
    Bdsk-Url-1 = {https://www.ruby-lang.org/en/news/2014/04/10/severe-openssl-vulnerability/}
}

@misc{about_rubygems,
    Author = {Ruby Community},
    Howpublished = {RubyGems Site - About},
    Title = {RubyGems About},
    Url = {http://rubygems.org/pages/about},
    Urlaccessdate = {21 out. 2014},
    Year = {2014},
    Bdsk-Url-1 = {https://rubygems.org/pages/about}
}

@misc{guide_rubygems,
    Author = {Ruby Community},
    Howpublished = {RubyGems Site - Guides},
    Title = {RubyGems Guides},
    Url = {http://guides.rubygems.org/},
    Urlaccessdate = {21 out. 2014},
    Year = {2014},
    Bdsk-Url-1 = {https://guides.rubygems.org/}
}

@misc{guide_what_is_a_gem_rubygems,
    Author = {Ruby Community},
    Howpublished = {RubyGems Site - Guides - What is a gem},
    Title = {RubyGems Guides What is a gem},
    Url = {http://guides.rubygems.org/what-is-a-gem/},
    Urlaccessdate = {23 out. 2014},
    Year = {2014},
    Bdsk-Url-1 = {http://guides.rubygems.org/what-is-a-gem/}
}

@misc{guide_security_rubygems,
    Author = {Ruby Community},
    Howpublished = {RubyGems Site - Guides - Security},
    Title = {RubyGems Guides Security},
    Url = {http://guides.rubygems.org/security/},
    Urlaccessdate = {21 out. 2014},
    Year = {2014},
    Bdsk-Url-1 = {http://guides.rubygems.org/security/}
}

@misc{vmplayer,
    Author = {VMware, Inc.},
    Howpublished = {VMware® Player},
    Title = {VMware® Player},
    Url = {http://www.vmware.com/products/player},
    Urlaccessdate = {23 out. 2014},
    Year = {2014},
    Bdsk-Url-1 = {http://www.vmware.com/products/player}
}

@misc{rvm,
    Author = {Wayne E. Seguin, Michal Papis},
    Howpublished = {RVM},
    Title = {RVM},
    Url = {http://rvm.io/},
    Urlaccessdate = {22 out. 2014},
    Year = {2014},
    Bdsk-Url-1 = {http://rvm.io/}
}

@misc{about_rvm,
    Author = {Wayne E. Seguin, Michal Papis},
    Howpublished = {RVM},
    Title = {RVM},
    Url = {http://rvm.io/rvm/about},
    Urlaccessdate = {22 out. 2014},
    Year = {2014},
    Bdsk-Url-1 = {http://rvm.io/rvm/about}
}

@misc{ruby_on_rails,
    Author = {David Heinemeier Hansson},
    Howpublished = {Ruby On Rails},
    Title = {Ruby On Rails},
    Url = {http://rubyonrails.org/},
    Urlaccessdate = {22 out. 2014},
    Year = {2014},
    Bdsk-Url-1 = {http://rubyonrails.org/}
}

@misc{git,
    Author = {Linus Torvalds},
    Howpublished = {Git},
    Title = {Git},
    Url = {http://git-scm.com/},
    Urlaccessdate = {23 out. 2014},
    Year = {2014},
    Bdsk-Url-1 = {http://git-scm.com/}
}

@misc{irb_doc,
    Author = {Ruby Community},
    Howpublished = {Ruby Community},
    Title = {IRB},
    Url = {http://www.ruby-doc.org/stdlib-2.0/libdoc/irb/rdoc/IRB.html},
    Urlaccessdate = {28 out. 2014},
    Year = {2014},
    Bdsk-Url-1 = {http://www.ruby-doc.org/stdlib-2.0/libdoc/irb/rdoc/IRB.html}
}

@misc{google_maps_for_rails,
    Author = {Bejamin Roth, David Ruyer},
    Howpublished = {Google-Maps-For-Rails},
    Title = {Google-Maps-For-Rails},
    Url = {http://github.com/apneadiving/Google-Maps-for-Rails},
    Urlaccessdate = {30 out. 2014},
    Year = {2014},
    Bdsk-Url-1 = {http://github.com/apneadiving/Google-Maps-for-Rails}
}
